@misc{bucket-list-app,
    author  = "Heini Fagerlund",
    title   = "bucket-list-app",
    howpublished={\url{https://github.com/hfagerlund/bucket-list-app}},
    year    = "2025-09-20"
}

@misc{docker,
    author  = "Heini Fagerlund",
    title   = "docker-for-docskimmer",
    howpublished={\url{https://github.com/hfagerlund/docker-for-docskimmer}},
    year    = "2023-11-03"
}

@misc{elections-carousel-component,
    author  = "Heini Fagerlund",
    title   = "elections-carousel-component",
    howpublished={\url{https://github.com/hfagerlund/elections-carousel-component}},
    year    = "2018-03-21"
}

@misc{elm,
    author  = "Heini Fagerlund",
    title   = "elm-in-progress",
    howpublished={\url{https://github.com/hfagerlund/elm-in-progress}},
    year    = "2018-06-28"
}

@misc{erlang,
    author  = "Heini Fagerlund",
    title   = "erlang-experiments",
    howpublished={\url{https://github.com/hfagerlund/erlang-experiments}},
    year    = "2018-10-30"
}

@misc{ghpages,
    author  = "Heini Fagerlund",
    title   = "hfagerlund.github.io",
    howpublished={\url{https://github.com/hfagerlund/hfagerlund.github.io}},
    year    = "2017-10-07"
}

@misc{git-add-msg,
    author  = "Heini Fagerlund",
    title   = "git-add-msg",
    howpublished={\url{https://github.com/hfagerlund/git-add-msg}},
    year    = "2015-07-15"
}

@misc{hey-haskell,
    author  = "Heini Fagerlund",
    title   = "hey-haskell",
    howpublished={\url{https://github.com/hfagerlund/hey-haskell}},
    year    = "2022-11-22"
}

@misc{jekyll-docskimmer,
    author  = "Heini Fagerlund",
    title   = "jekyll-docskimmer-theme",
    howpublished={\url{https://github.com/hfagerlund/jekyll-docskimmer-theme}},
    year    = "2017-06-12"
}

@misc{jupyter,
    author  = "Heini Fagerlund",
    title   = "machine-learning-iris-analysis",
    howpublished={\url{https://github.com/hfagerlund/machine-learning-iris-analysis}},
    year    = "2018-10-29"
}

@misc{lua,
    author  = "Heini Fagerlund",
    title   = "hello-lua",
    howpublished={\url{https://github.com/hfagerlund/hello-lua}},
    year    = "2018-07-04"
}

@misc{luarock,
    author  = "Heini Fagerlund",
    title   = "hellofromlua_rock",
    howpublished={\url{https://github.com/hfagerlund/hellofromlua_rock}},
    year    = "2018-11-05"
}

@misc{machinelearning,
    author  = "Heini Fagerlund",
    title   = "machine-learning-classifier-iris",
    howpublished={\url{https://github.com/hfagerlund/machine-learning-classifier-iris}},
    year    = "2018-12-14"
}

@misc{mkdocs-docskimmer,
    author  = "Heini Fagerlund",
    title   = "mkdocs-docskimmer",
    howpublished={\url{https://github.com/hfagerlund/mkdocs-docskimmer}},
    year    = "2017-06-12"
}

@misc{mkdocs-docskimmer-docs,
    author  = "Heini Fagerlund",
    title   = "mkdocs-docskimmer",
    howpublished={\url{http://bitsof.bytesofdesign.com/mkdocs-docskimmer}},
    year    = "2017-06-12"
}

@misc{mkdocs-docstyler-plugin,
    author  = "Heini Fagerlund",
    title   = "docstyler",
    howpublished={\url{https://github.com/hfagerlund/mkdocs-docstyler-plugin}},
    year    = "2019-02-10"
}

@misc{osprojects,
    author  = "Heini Fagerlund",
    title   = "osprojects",
    howpublished={\url{https://github.com/hfagerlund/osprojects}},
    year    = "2019-01-02"
}

@misc{quiz-app,
    author  = "Heini Fagerlund",
    title   = "quiz_app",
    howpublished={\url{https://github.com/hfagerlund/quiz_app}},
    year    = "2023-04-25"
}

@misc{react-app-starter,
    author  = "Heini Fagerlund",
    title   = "react-app-starter",
    howpublished={\url{https://github.com/hfagerlund/react-app-starter}},
    year    = "2019-11-28"
}

@misc{stripanchors,
    author  = "Heini Fagerlund",
    title   = "strip_anchors",
    howpublished={\url{https://github.com/hfagerlund/strip_anchors}},
    year    = "2018-09-15"
}
